@misc{Unicorn_Technology,
  title         = {Technology - Unicorn Hybrid Black},
  author        = {g.tec medical engineering GmbH},
  howpublished  = {\url{https://www.unicorn-bi.com/brain-interface-technology/}},
  urldate       = {2023-01-10}
}

@Misc{Cool_Icons,
  title         = {Vector Icons and Stickers - PNG, SVG, EPS, PSD and CSS},
  author        = {Freepik Company S.L.},
  howpublished  = {\url{https://www.flaticon.com/}},
  urldate       = {2023-01-10}
}

@Misc{Unicorn_Speller,
  title         = {Unicorn Speller | unicorn-bi.com},
  author        = {g.tec medical engineering GmbH},
  howpublished  = {\url{https://www.unicorn-bi.com/speller/}},
  urldate       = {2023-06-11}
}

@Misc{future_of_metaverse_BCI,
  title         = {The future of the metaverse | World Economic Forum},
  author        = {World Economic Forum},
  howpublished  = {\url{https://www.weforum.org/agenda/2022/02/future-of-the-metaverse-vr-ar-and-brain-computer/}},
  urldate       = {2023-06-11}
}

@article{Shih_2012,
  title         = {Brain-Computer Interfaces in Medicine},
  author        = {Jerry J. Shih and Dean J. Krusienski and Jonathan R. Wolpaw},
  year          = {2012},
  month         = {mar},
  journal       = {Mayo Clinic Proceedings},
  publisher     = {Elsevier {BV}},
  volume        = {87},
  number        = {3},
  pages         = {268--279},
  doi           = {10.1016/j.mayocp.2011.12.008},
  url           = {https://doi.org/10.1016\%2Fj.mayocp.2011.12.008}
}